@Manual{METIS:SimulationGuidelines,
  author =       {{METIS Project}},
  title =        {{Deliverable D6.1}},
  date =         {2013-10},
  subtitle =     {{Simulation Guidelines}},
  number =       {ICT-317669-METIS/D6.1 },
  version =      1,
  url =
                  {https://www.metis2020.com/wp-content/uploads/deliverables/METIS_D6.1_v1.pdf}
}